@inproceedings{braione2019sushi,
  title={SUSHI and TARDIS at the SBST2019 tool competition},
  author={Braione, Pietro and Denaro, Giovanni},
  booktitle={2019 IEEE/ACM 12th International Workshop on Search-Based Software Testing (SBST)},
  pages={25--28},
  year={2019},
  organization={IEEE}
}

@article{king1976symbolic,
  title={Symbolic execution and program testing},
  author={King, James C},
  journal={Communications of the ACM},
  volume={19},
  number={7},
  pages={385--394},
  year={1976},
  publisher={ACM New York, NY, USA}
}

@inproceedings{de2008z3,
  title={Z3: An efficient SMT solver},
  author={De Moura, Leonardo and Bj{\o}rner, Nikolaj},
  booktitle={Tools and Algorithms for the Construction and Analysis of Systems: 14th International Conference, TACAS 2008, Held as Part of the Joint European Conferences on Theory and Practice of Software, ETAPS 2008, Budapest, Hungary, March 29-April 6, 2008. Proceedings 14},
  pages={337--340},
  year={2008},
  organization={Springer}
}

@article{araki2018systematic,
  title={A Systematic Review of Concolic Testing with Aplication of Test Criteria.},
  author={Araki, Lucilia Yoshie and Peres, Leticia Mara},
  journal={ICEIS (2)},
  pages={121--132},
  year={2018}
}

@misc{ enwiki:1151336533,
  author = "{Wikipedia contributors}",
  title = "Concolic testing --- {Wikipedia}{,} The Free Encyclopedia",
  year = "2023",
  url = "https://en.wikipedia.org/w/index.php?title=Concolic_testing&oldid=1151336533",
  note = "[Online; accessed 3-June-2023]"
}

@inproceedings{fraser2011evosuite,
  title={Evosuite: automatic test suite generation for object-oriented software},
  author={Fraser, Gordon and Arcuri, Andrea},
  booktitle={Proceedings of the 19th ACM SIGSOFT symposium and the 13th European conference on Foundations of software engineering},
  pages={416--419},
  year={2011}
}

@inproceedings{braione2017combining,
  title={Combining symbolic execution and search-based testing for programs with complex heap inputs},
  author={Braione, Pietro and Denaro, Giovanni and Mattavelli, Andrea and Pezz{\`e}, Mauro},
  booktitle={Proceedings of the 26th ACM SIGSOFT International Symposium on Software Testing and Analysis},
  pages={90--101},
  year={2017}
}

@misc{ enwiki:1158719624,
  author = "{Wikipedia contributors}",
  title = "Genetic algorithm --- {Wikipedia}{,} The Free Encyclopedia",
  year = "2023",
  url = "https://en.wikipedia.org/w/index.php?title=Genetic_algorithm&oldid=1158719624",
  note = "[Online; accessed 5-June-2023]"
}

@inproceedings{braione2016jbse,
  title={JBSE: A symbolic executor for java programs with complex heap inputs},
  author={Braione, Pietro and Denaro, Giovanni and Pezz{\`e}, Mauro},
  booktitle={Proceedings of the 2016 24th ACM SIGSOFT International Symposium on Foundations of Software Engineering},
  pages={1018--1022},
  year={2016}
}

@misc{ enwiki:1158711110,
  author = "{Wikipedia contributors}",
  title = "Bloom filter --- {Wikipedia}{,} The Free Encyclopedia",
  year = "2023",
  url = "https://en.wikipedia.org/w/index.php?title=Bloom_filter&oldid=1158711110",
  note = "[Online; accessed 7-June-2023]"
}

@misc{svgbloomfilter,
  author = "{Wikimedia Commons}",
  title = "Example of a Bloom filter",
  year = "2007",
  url = "https://upload.wikimedia.org/wikipedia/commons/a/ac/Bloom_filter.svg",
  note = "[Online; accessed 7-June-2023]"
}

@misc{ enwiki:1156109434,
  author = "{Wikipedia contributors}",
  title = "Jaccard index --- {Wikipedia}{,} The Free Encyclopedia",
  year = "2023",
  url = "https://en.wikipedia.org/w/index.php?title=Jaccard_index&oldid=1156109434",
  note = "[Online; accessed 7-June-2023]"
}

@article{bilal2021jacoco,
  title={Jacoco-Coverage Based Statistical Approach for Ranking and Selecting Key Classes in Object-Oriented Software},
  author={Bilal, I and Al-Taharwa, ISMAIL and Rami, S and Alkhawaldeh, IYAD M and Ghatasheh, NAZEEH},
  journal={J. Eng. Sci. Technol},
  volume={16},
  pages={3358--3386},
  year={2021}
}
